<record><leader>00000cas a22000007a 4500</leader><controlfield tag="001">18386444</controlfield><controlfield tag="008">880822d18951898ohudr ne      0    0eng d</controlfield><datafield ind1=" " ind2=" " tag="010"><subfield code="a">sn 88077820 </subfield></datafield><datafield ind1=" " ind2=" " tag="040"><subfield code="a">ONP</subfield><subfield code="b">eng</subfield><subfield code="c">ONP</subfield><subfield code="d">OCLCQ</subfield></datafield><datafield ind1=" " ind2=" " tag="042"><subfield code="a">msc</subfield></datafield><datafield ind1="0" ind2="4" tag="245"><subfield code="a">The Columbus morning post.</subfield></datafield><datafield ind1="3" ind2="0" tag="246"><subfield code="a">Sunday morning press</subfield></datafield><datafield ind1=" " ind2=" " tag="260"><subfield code="a">Columbus, O. [Ohio] :</subfield><subfield code="b">Press-Post Print. Co.,</subfield><subfield code="c">-1898.</subfield></datafield><datafield ind1=" " ind2=" " tag="310"><subfield code="a">Daily</subfield></datafield><datafield ind1="1" ind2=" " tag="362"><subfield code="a">Began with Aug. 10, 1895 issue.</subfield></datafield><datafield ind1="0" ind2=" " tag="362"><subfield code="a">-v. 71, no. 57 (Feb. 26, 1898).</subfield></datafield><datafield ind1=" " ind2=" " tag="500"><subfield code="a">Published on Sunday as: Sunday morning press.</subfield></datafield><datafield ind1=" " ind2=" " tag="588"><subfield code="a">Description based on: Vol. 69, no. 306 (Nov. 1, 1896).</subfield></datafield><datafield ind1=" " ind2=" " tag="752"><subfield code="a">United States</subfield><subfield code="b">Ohio</subfield><subfield code="c">Franklin</subfield><subfield code="d">Columbus.</subfield></datafield><datafield ind1="0" ind2=" " tag="775"><subfield code="t">Columbus evening press (Columbus, Ohio : 1895)</subfield><subfield code="w">(DLC)sn 88077813</subfield></datafield><datafield ind1="0" ind2=" " tag="775"><subfield code="t">Columbus tri-weekly post</subfield><subfield code="w">(DLC)sn 88077821</subfield></datafield><datafield ind1="0" ind2=" " tag="775"><subfield code="t">Weekly press (Columbus, Ohio : 1888)</subfield><subfield code="w">(DLC)sn 88077823</subfield></datafield></record>